<?xml version="1.0" encoding="UTF-8"?><collection xmlns="http://www.loc.gov/MARC21/slim"><record><leader>00406nam--2200133-i-4500</leader><controlfield tag="001">000006798</controlfield><controlfield tag="002">20161230</controlfield><controlfield tag="005">20161230201027</controlfield><controlfield tag="008">060222s1000------------r-----000-0-eng-d</controlfield><datafield ind1=" " ind2=" " tag="100"><subfield code="a">Blasser, G</subfield></datafield><datafield ind1=" " ind2=" " tag="245"><subfield code="a">Matthes, w</subfield></datafield><datafield ind1=" " ind2=" " tag="260"><subfield code="a">Recent Investigation Concerning The Influence Of Non-uniform Temperature Distribution In Dop Pler Effect Calculations</subfield></datafield><datafield ind1=" " ind2=" " tag="490"><subfield code="a">Bruxelles, Euratom, 1963. 16 P</subfield></datafield><datafield ind1=" " ind2=" " tag="852"><subfield code="a">530.1</subfield></datafield></record></collection>